% This file was created with JabRef 2.10.
% Encoding: UTF-8


@Article{aiello2004jfk,
  Title                    = {Just fast keying: Key agreement in a hostile internet},
  Author                   = {W. Aiello and S. Bellovin and M. Blaze and R. Canetti and J. Ioannidis and A.
 Keromytis and O. Reingold},
  Journal                  = {ACM Transactions on Information and System Security (TISSEC)},
  Year                     = {2004},
  Number                   = {2},
  Pages                    = {242--273},
  Volume                   = {7},

  Publisher                = {ACM}
}

@InProceedings{paterson2013rc4,
  Title                    = {On the Security of RC4 in TLS.},
  Author                   = {N. J. AlFardan and D. J. Bernstein and K. G. Paterson and B. Poettering and J. Schuldt},
  Booktitle                = {USENIX Security},
  Year                     = {2013},
  Pages                    = {305--320}
}

@InCollection{weak_auth,
  Title                    = {Weak Authentication: How to Authenticate Unknown Principals without Trusted Parties},
  Author                   = {J. Arkko and P. Nikander},
  Booktitle                = {Security Protocols},
  Publisher                = {Springer Berlin / Heidelberg},
  Year                     = {2004},
  Pages                    = {57-66},
  Series                   = {Lecture Notes in Computer Science},
  Volume                   = {2845},

  Affiliation              = {Ericsson Research NomadicLab, 02420 Jorvas, Finland},
  ISBN                     = {978-3-540-20830-3},
  Keyword                  = {Computer Science}
}

@InCollection{HMAC,
  Title                    = {Keying Hash Functions for Message Authentication},
  Author                   = {Bellare, Mihir and Canetti, Ran and Krawczyk, Hugo},
  Booktitle                = {Advances in Cryptology — CRYPTO ’96},
  Publisher                = {Springer Berlin Heidelberg},
  Year                     = {1996},
  Editor                   = {Koblitz, Neal},
  Pages                    = {1-15},
  Series                   = {Lecture Notes in Computer Science},
  Volume                   = {1109},

  Doi                      = {10.1007/3-540-68697-5_1},
  ISBN                     = {978-3-540-61512-5},
  Language                 = {English},
  Url                      = {http://dx.doi.org/10.1007/3-540-68697-5_1}
}

@Article{new_hash,
  Title                    = {Deploying a New Hash Algorithm},
  Author                   = {S. Bellovin and E. Rescorla},
  Year                     = {2005},

  Url                      = {http://hdl.handle.net/10022/AC:P:29418}
}

@Article{be2013crime,
  Title                    = {A perfect CRIME? Only TIME will tell},
  Author                   = {Be’ery, Tal and Shulman, Amichai},
  Journal                  = {Black Hat Europe},
  Year                     = {2013},
  Volume                   = {2013}
}

@InProceedings{bittau2010tcpcrypt,
  Title                    = {The Case for Ubiquitous Transport-Level Encryption.},
  Author                   = {A. Bittau and M. Hamburg and M. Handley and D. Mazieres and D. Boneh},
  Booktitle                = {USENIX Security Symposium},
  Year                     = {2010},
  Pages                    = {403--418}
}

@Article{bland2014finding,
  Title                    = {Finding More Than One Worm in the Apple},
  Author                   = {Bland, Mike},
  Journal                  = {Queue},
  Year                     = {2014},

  Month                    = may,
  Number                   = {5},
  Pages                    = {10:10--10:21},
  Volume                   = {12},

  Acmid                    = {2620662},
  Address                  = {New York, NY, USA},
  Articleno                = {10},
  Doi                      = {10.1145/2620660.2620662},
  ISSN                     = {1542-7730},
  Issue_date               = {May 2014},
  Numpages                 = {12},
  Publisher                = {ACM},
  Url                      = {http://doi.acm.org/10.1145/2620660.2620662}
}

@Article{bohli2006key,
  Title                    = {Key substitution attacks revisited: Taking into account malicious signers},
  Author                   = {Bohli, Jens-Matthias and R{\"o}hrich, Stefan and Steinwandt, Rainer},
  Journal                  = {International Journal of Information Security},
  Year                     = {2006},
  Number                   = {1},
  Pages                    = {30--36},
  Volume                   = {5},

  Publisher                = {Springer}
}

@Article{brzuska2013less,
  Title                    = {Less is more: Relaxed yet composable security notions for key exchange},
  Author                   = {Brzuska, Christina and Fischlin, Marc and Smart, Nigel P and Warinschi, Bogdan and Williams, Stephen C},
  Journal                  = {International journal of information security},
  Year                     = {2013},
  Number                   = {4},
  Pages                    = {267--297},
  Volume                   = {12},

  Publisher                = {Springer}
}

@InCollection{canetti2002verif,
  Title                    = {Security analysis of IKE’s signature-based key-exchange protocol},
  Author                   = {R. Canetti and H. Krawczyk},
  Booktitle                = {Advances in Cryptology—CRYPTO 2002},
  Publisher                = {Springer},
  Year                     = {2002},
  Pages                    = {143--161}
}

@Article{chen2007identity,
  Title                    = {Identity-based key agreement protocols from pairings},
  Author                   = {Chen, Liqun and Cheng, Zhaohui and Smart, Nigel P},
  Journal                  = {International Journal of Information Security},
  Year                     = {2007},
  Number                   = {4},
  Pages                    = {213--241},
  Volume                   = {6},

  Publisher                = {Springer}
}

@Misc{sig-agility-SEND,
  Title                    = {{Signature Algorithm Agility in the Secure Neighbor Discovery (SEND) Protocol}},

  Author                   = {T. Cheneau and M. Laurent and S. Shen and M. Vanderveen},
  HowPublished             = {draft-cheneau-csi-send-sig-agility-02},
  Month                    = jun,
  Year                     = {2010},

  Series                   = {Internet Draft},
  Url                      = {http://tools.ietf.org/html/draft-cheneau-csi-send-sig-agility-02}
}

@Misc{algorithm_advisory,
  Title                    = {{Next Generation Encryption}},

  Author                   = {{Cisco Systems}},
  Month                    = apr,
  Year                     = {2012},

  Organization             = {Cisco},
  Url                      = {http://www.cisco.com/web/about/security/intelligence/nextgen_crypto.html}
}

@Misc{netgraph,
  Title                    = {{All About Nethgraph}},

  Author                   = {A. Cobbs},
  HowPublished             = {\url{http://people.freebsd.org/~julian/netgraph.html}}
}

@Misc{hmac-reduction,
  Title                    = {{HMAC-reduction: Forgery and Partial Key-Recovery Attacks on HMAC and NMAC Using Hash Collisions}},

  Author                   = {S. Contini and YL. Yin},
  Note                     = {Cryptology ePrint Report 2006/319},
  Year                     = {2006}
}

@Misc{scyther_man,
  Title                    = {Scyther User Manual},

  Author                   = {C. J. F. Cremers},
  Year                     = {2014},

  Publisher                = {Feb}
}

@Book{cremers2007scyther,
  Title                    = {Scyther: Unbounded Verification of Security Protocols},
  Author                   = {C. J. F. Cremers},
  Publisher                = {ETH, Department of Computer Science},
  Year                     = {2007}
}

@Misc{scyther_book,
  Title                    = {Scyther: Semantics and verification of security protocols},

  Author                   = {C. J. F. Cremers},
  Year                     = {2006},

  Journal                  = {Dissertation Abstracts International},
  Number                   = {02},
  Volume                   = {68}
}

@Article{DH,
  Title                    = {New directions in cryptography},
  Author                   = {Diffie, W. and Hellman, M.E.},
  Journal                  = {Information Theory, IEEE Transactions on},
  Year                     = {1976},

  Month                    = {Nov},
  Number                   = {6},
  Pages                    = {644-654},
  Volume                   = {22},

  Doi                      = {10.1109/TIT.1976.1055638},
  ISSN                     = {0018-9448},
  Keywords                 = {Cryptography;Application software;Communication system security;Computer aided instruction;Computer networks;Costs;Hardware;Information theory;Postal services;Public key cryptography;Telecommunication computing}
}

@Misc{md4-analysis,
  Title                    = {{Cryptanalysis of MD4}},

  Author                   = {H. Dobbertin},
  Note                     = {Third Workshop on Cryptographic Algoruthms, Cambridge 1996. Lecture Notes in Computer Science, pages 55-72},
  Year                     = {1996}
}

@Article{duong2011here,
  Title                    = {Here come the XOR ninjas},
  Author                   = {Duong, Thai and Rizzo, Juliano},
  Journal                  = {Unpublished manuscript},
  Year                     = {2011}
}

@InProceedings{durumeric2014matter,
  Title                    = {The matter of Heartbleed},
  Author                   = {Durumeric, Zakir and Kasten, James and Adrian, David and Halderman, J Alex and Bailey, Michael and Li, Frank and Weaver, Nicolas and Amann, Johanna and Beekman, Jethro and Payer, Mathias and others},
  Booktitle                = {Proceedings of the 2014 Conference on Internet Measurement Conference},
  Year                     = {2014},
  Organization             = {ACM},
  Pages                    = {475--488}
}

@InProceedings{paterson2013luck13,
  Title                    = {Lucky thirteen: Breaking the TLS and DTLS record protocols},
  Author                   = {N. J. Al Fardan and K.G. Paterson},
  Booktitle                = {Security and Privacy (SP), 2013 IEEE Symposium on},
  Year                     = {2013},
  Organization             = {IEEE},
  Pages                    = {526--540}
}

@InCollection{freire2013non,
  Title                    = {Non-interactive key exchange},
  Author                   = {Freire, Eduarda SV and Hofheinz, Dennis and Kiltz, Eike and Paterson, Kenneth G},
  Booktitle                = {Public-Key Cryptography--PKC 2013},
  Publisher                = {Springer},
  Year                     = {2013},
  Pages                    = {254--271}
}

@Book{howard2009security,
  Title                    = {The security development lifecycle},
  Author                   = {M. Howard and S. Lipner},
  Publisher                = {O'Reilly Media, Incorporated},
  Year                     = {2009}
}

@Misc{zfs,
  Title                    = {{{ZFS}: The Last Word in Filesystems}},

  Author                   = {{J. Bonwick and B. Moore}},
  HowPublished             = {\url{http://hub.opensolaris.org/bin/view/Community+Group+zfs/WebHome}}
}

@InProceedings{jager2013one,
  Title                    = {One Bad Apple: Backwards Compatibility Attacks on State-of-the-Art Cryptography.},
  Author                   = {Jager, Tibor and Paterson, Kenneth G and Somorovsky, Juraj},
  Booktitle                = {NDSS},
  Year                     = {2013}
}

@Article{johnson2001elliptic,
  Title                    = {The elliptic curve digital signature algorithm (ECDSA)},
  Author                   = {Johnson, Don and Menezes, Alfred and Vanstone, Scott},
  Journal                  = {International Journal of Information Security},
  Year                     = {2001},
  Number                   = {1},
  Pages                    = {36--63},
  Volume                   = {1},

  Publisher                = {Springer}
}

@InCollection{krawczyk2011perfect,
  Title                    = {Perfect forward secrecy},
  Author                   = {Krawczyk, Hugo},
  Booktitle                = {Encyclopedia of Cryptography and Security},
  Publisher                = {Springer},
  Year                     = {2011},
  Pages                    = {921--922}
}

@InCollection{krawczyk2003sigma,
  Title                    = {SIGMA: The ‘SIGn-and-MAc’approach to authenticated Diffie-Hellman and its use in the IKE protocols},
  Author                   = {H. Krawczyk},
  Booktitle                = {Advances in Cryptology-CRYPTO 2003},
  Publisher                = {Springer},
  Year                     = {2003},
  Pages                    = {400--425}
}

@Misc{send-hash-threat,
  Title                    = {{The Secure Neighbor Discovery (SEND) Hash Threat Analysis}},

  Author                   = {A. Kukec and S. Krishnan and S. Jiang},
  HowPublished             = {RFC 6273},
  Month                    = jun,
  Year                     = {2011},

  Number                   = {6273},
  Series                   = {Request for Comments},
  Url                      = {https://tools.ietf.org/html/rfc6273}
}

@Article{lamberger2011higher,
  Title                    = {Higher-Order Differential Attack on Reduced SHA-256.},
  Author                   = {Lamberger, Mario and Mendel, Florian},
  Journal                  = {IACR Cryptology ePrint Archive},
  Year                     = {2011},
  Pages                    = {37},
  Volume                   = {2011}
}

@InProceedings{Li_2004_Algorithms_for_automated_negotiations,
  Title                    = {Algorithms for Automated Negotiations and Their Applications in Information Privacy},
  Author                   = {H. Li and D. Ahn and P. Hung},
  Booktitle                = {Proceedings of the IEEE International Conference on E-Commerce Technology},
  Year                     = {2004},

  Address                  = {Washington, DC, USA},
  Pages                    = {255--262},
  Publisher                = {IEEE Computer Society},
  Series                   = {CEC '04},

  Acmid                    = {1019064},
  ISBN                     = {0-7695-2098-7},
  Numpages                 = {8},
  Url                      = {http://dl.acm.org/citation.cfm?id=1018413.1019064}
}

@InCollection{lyle2013personal,
  Title                    = {Personal PKI for the smart device era},
  Author                   = {Lyle, John and Paverd, Andrew and King-Lacroix, Justin and Atzeni, Andrea and Virji, Habib and Flechais, Ivan and Faily, Shamal},
  Booktitle                = {Public Key Infrastructures, Services and Applications},
  Publisher                = {Springer},
  Year                     = {2013},
  Pages                    = {69--84}
}

@Misc{imunes_ug,
  Title                    = {{IMUNES Manual}},

  Author                   = {{M. Zec and M. Mikuc and A. Mijocevic and S. Marjanovic and V. Vasic}},
  HowPublished             = {\url{http://imunes.tel.fer.hr/imunes/dl/imunes_ug_20110907.pdf}}
}

@Article{Manber1996171,
  Title                    = {{A simple scheme to make passwords based on one-way functions much harder to crack}},
  Author                   = {U. Manber},
  Journal                  = {Computers \& Security},
  Year                     = {1996},
  Number                   = {2},
  Pages                    = {171 - 176},
  Volume                   = {15},

  Doi                      = {10.1016/0167-4048(96)00003-X},
  ISSN                     = {0167-4048},
  Url                      = {http://www.sciencedirect.com/science/article/pii/016740489600003X}
}

@InProceedings{ngp,
  Title                    = {Ng{P} agreement protocol (Croatian)},
  Author                   = {M. Mikuc and V. Vasic and S. Brcina and L. Kovacevic and M. Maric and T. Marini and V. Pokornic and R. Veznaver},
  Year                     = {2012},
  Month                    = may,

  Journal                  = {Proceedings of MIPRO 2012 Jubilee 35th International Convention}
}

@Article{ning2012cyber,
  Title                    = {Cyber-physical-social based security architecture for future internet of things},
  Author                   = {Ning, Huansheng and Liu, Hong and others},
  Journal                  = {Advances in Internet of Things},
  Year                     = {2012},
  Number                   = {01},
  Pages                    = {1},
  Volume                   = {2},

  Publisher                = {Scientific Research Publishing}
}

@Article{MITM,
  Title                    = {Man in the middle attacks Demos},
  Author                   = {A. Ornaghi and M. Valleri},
  Journal                  = {Blackhat [Online Document]},
  Year                     = {2003},

  Url                      = {http://blackhat.com/presentations/bh-usa-03/bh-us-03-ornaghi-valleri.pdf}
}

@InProceedings{jail,
  Title                    = {{Jails: Confining the omnipotent root}},
  Author                   = {{P. H. Kamp and R. N. M. Watson}},
  Booktitle                = {2nd International SANE Conference},
  Year                     = {2000},
  Month                    = may,

  Numpages                 = {15}
}

@Article{agility_fpga,
  Title                    = {An Algorithm-Agile Cryptographic Co-Processor Board on FPGAs},
  Author                   = {C. Paar and B. Chetwynd and T. Connor and S. Y. Deng and S. Marchant},
  Journal                  = {PROCEEDINGS- SPIE THE INTERNATIONAL SOCIETY FOR OPTICAL ENGINEERING},
  Year                     = {1999},

  Institution              = {CiteSeerX - Scientific Literature Digital Library and Search Engine [http://citeseerx.ist.psu.edu/oai2] (United States)},
  Location                 = {http://www.scientificcommons.org/43561304},
  Url                      = {http://citeseerx.ist.psu.edu/viewdoc/summary?doi=10.1.1.93.2996}
}

@InProceedings{security_agility_intrusion_detection,
  Title                    = {Security agility in response to intrusion detection},
  Author                   = {M. Petkac and L. Badger},
  Booktitle                = {Proceedings of the 16th Annual Computer Security Applications Conference},
  Year                     = {2000},

  Address                  = {Washington, DC, USA},
  Pages                    = {11--},
  Publisher                = {IEEE Computer Society},
  Series                   = {ACSAC '00},

  ISBN                     = {0-7695-0859-6},
  Url                      = {http://dl.acm.org/citation.cfm?id=784591.784755}
}

@Article{security_agility_DynamicExecEnviron,
  Title                    = {Security Agility for Dynamic Execution Environments},
  Author                   = {M. Petkac and L. Badger and W. Morrison},
  Journal                  = {DARPA Information Survivability Conference and Exposition,},
  Year                     = {2000},
  Pages                    = {0377},
  Volume                   = {1},

  Address                  = {Los Alamitos, CA, USA},
  Doi                      = {http://doi.ieeecomputersociety.org/10.1109/DISCEX.2000.825041},
  ISBN                     = {0-7695-0490-6},
  Publisher                = {IEEE Computer Society}
}

@InProceedings{petullo2013minimalt,
  Title                    = {MINIMALT: Minimal-latency networking through better security},
  Author                   = {Petullo, W Michael and Zhang, Xu and Solworth, Jon A and Bernstein, Daniel J and Lange, Tanja},
  Booktitle                = {Proceedings of the 2013 ACM SIGSAC conference on Computer \& communications security},
  Year                     = {2013},
  Organization             = {ACM},
  Pages                    = {425--438}
}

@Article{pass_crack_GPU,
  Title                    = {Hack and /: password cracking with GPUs, Part II: get cracking},
  Author                   = {K. Rankin},
  Journal                  = {Linux J.},
  Year                     = {2012},

  Month                    = feb,
  Number                   = {214},
  Volume                   = {2012},

  Acmid                    = {2157104},
  Address                  = {Houston, TX},
  Articleno                = {8},
  ISSN                     = {1075-3583},
  Issue_date               = {February 2012},
  Publisher                = {Belltown Media},
  Url                      = {http://dl.acm.org/citation.cfm?id=2157096.2157104}
}

@Article{roman2013features,
  Title                    = {On the features and challenges of security and privacy in distributed internet of things},
  Author                   = {Roman, Rodrigo and Zhou, Jianying and Lopez, Javier},
  Journal                  = {Computer Networks},
  Year                     = {2013},
  Number                   = {10},
  Pages                    = {2266--2279},
  Volume                   = {57},

  Publisher                = {Elsevier}
}

@Misc{roskind2013quick,
  Title                    = {Quick UDP Internet Connections},

  Author                   = {J. Roskind},
  Year                     = {2013},

  Publisher                = {June}
}

@Misc{schneier_applied_cryptography,
  Title                    = {{Applied Cryptrography}},

  Author                   = {B. Schneier},
  Note                     = {Second edition, John Wiley \& Sons },
  Year                     = {1996}
}

@InProceedings{sepehrdad2011discovery,
  Title                    = {Discovery and exploitation of new biases in RC4},
  Author                   = {Sepehrdad, Pouyan and Vaudenay, Serge and Vuagnoux, Martin},
  Booktitle                = {Selected Areas in Cryptography},
  Year                     = {2011},
  Organization             = {Springer},
  Pages                    = {74--91}
}

@Article{sicari2015security,
  Title                    = {Security, privacy and trust in Internet of Things: The road ahead},
  Author                   = {Sicari, S and Rizzardi, A and Grieco, LA and Coen-Porisini, A},
  Journal                  = {Computer Networks},
  Year                     = {2015},
  Pages                    = {146--164},
  Volume                   = {76},

  Publisher                = {Elsevier}
}

@Misc{x509-coll,
  Title                    = {{Chosen-Prefix Collisions for MD5 and Colliding X.509 Certificates for Different Identities}},

  Author                   = {M. Stevens and A. Lenstra and B. Weger},
  Note                     = {EUROCRYPT 2007: 1-22},
  Year                     = {2007}
}

@Misc{cryptoagility,
  Title                    = {{Cryptographic Agility: Defending Against the Sneakers Scenario}},

  Author                   = {B. Sullivan},
  HowPublished             = {MSDN Magazine},
  Month                    = aug,
  Year                     = {2009},

  Organization             = {Microsoft},
  Publisher                = {MSDN},
  Url                      = {http://msdn.microsoft.com/en-us/magazine/ee321570.aspx}
}

@Misc{key_mgmt_distributed_systems,
  Title                    = {{Key Management In Distributed Systems}},

  Author                   = {{T. Acar and M. Belenkiy and L. Nguyen and C. Ellison}},
  Year                     = {2010},

  Organization             = {Microsoft Research},
  Url                      = {http://research.microsoft.com/pubs/132506/Distributed\%20Key\%20Lifecycle\%20Management.pdf}
}

@Article{algorithm_agile_atm,
  Title                    = {Algorithm-agile encryption in ATM networks},
  Author                   = {T.D. Tarman and R.L. Hutchinson and L.G. Pierson and P.E .Sholander, and E.L. Wirzke},
  Journal                  = {Computer},
  Year                     = {1998},

  Month                    = {sep},
  Number                   = {9},
  Pages                    = {57 -64},
  Volume                   = {31},

  Doi                      = {10.1109/2.708451},
  ISSN                     = {0018-9162}
}

@InProceedings{SENDhash,
  Title                    = {Deploying new hash algorithms in Secure Neighbor Discovery},
  Author                   = {V. Vasic and A. Kukec and M. Mikuc},
  Booktitle                = {2011 19th International Conference on Software Telecommunications and Computer Networks (SoftCOM)},
  Year                     = {2011},
  Month                    = sep
}

@InProceedings{ACNP,
  Title                    = {Security Agility Solution Independent of the Underlaying Protocol Architecture},
  Author                   = {V. Vasic and M. Mikuc},
  Booktitle                = {Proceedings of the First International Conference on Agreement Technologies},
  Year                     = {2012},
  Month                    = oct
}

@inproceedings{vasic2011deploying,
  title={Deploying new hash algorithms in Secure Neighbor Discovery},
  author={Vasi{\'c}, Valter and Kukec, Ana and Mikuc, Miljenko},
  booktitle={Software, Telecommunications and Computer Networks (SoftCOM), 2011 19th International Conference on},
  pages={1--5},
  year={2011},
  organization={IEEE}
}


@Article{wang2013cyber,
  Title                    = {Cyber security in the smart grid: Survey and challenges},
  Author                   = {Wang, Wenye and Lu, Zhuo},
  Journal                  = {Computer Networks},
  Year                     = {2013},
  Number                   = {5},
  Pages                    = {1344--1371},
  Volume                   = {57},

  Publisher                = {Elsevier}
}

@Misc{sha1-coll,
  Title                    = {{Finding Collisions in the Full SHA-1}},

  Author                   = {X. Wang and YL. Yin and H. Yu},
  Note                     = {CRYPTO 2007: 17-36},
  Year                     = {2005}
}

@InProceedings{yau2005padding,
  Title                    = {Padding oracle attacks on CBC-mode encryption with secret and random IVs},
  Author                   = {Yau, Arnold KL and Paterson, Kenneth G and Mitchell, Chris J},
  Booktitle                = {Fast Software Encryption},
  Year                     = {2005},
  Organization             = {Springer},
  Pages                    = {299--319}
}

@InProceedings{net_stack,
  Title                    = {{Implementing a Clonable Network Stack in the FreeBSD Kernel}},
  Author                   = {M. Zec},
  Booktitle                = {USENIX Annual Technical Conference, Freenix Track},
  Year                     = {2003},
  Month                    = jun
}

@InProceedings{imunes_2,
  Title                    = {{Operating system support for integrated network emulation in IMUNES}},
  Author                   = {M. Zec and M. Mikuc},
  Booktitle                = {1st Workshop on Operating System and Architectural Support for the on demand IT InfraStructure (OASIS)},
  Year                     = {2004},
  Month                    = oct,
  Pages                    = {3-12}
}

@InProceedings{imunes_1,
  Title                    = {{Real-time network IP network simulation at gigabit data rates}},
  Author                   = {M. Zec and M. Mikuc},
  Booktitle                = {Proceedings ConTEL 2003},
  Year                     = {2003},
  Month                    = jun,
  Pages                    = {235-242}
}

@Article{zonenberg2009hash,
  Title                    = {Distributed hash cracker: A cross-platform gpu-accelerated password recovery system},
  Author                   = {A. Zonenberg},
  Journal                  = {Rensselaer Polytechnic Institute},
  Year                     = {2009},
  Pages                    = {27}
}

@Misc{quagga,
  Title                    = {{Quagga project, Quagga Routing Suite}},
  HowPublished             = {\url{http://www.quagga.net}}
}

@book{van2011encyclopedia,
  title={Encyclopedia of cryptography and security},
  author={Van Tilborg, Henk CA and Jajodia, Sushil},
  year={2011},
  publisher={Springer Science \& Business Media}
}

@misc{safecurves,
    author={Daniel J. Bernstein and Tanja Lange},    
    title={SafeCurves: choosing safe curves for elliptic-curve cryptography},
    howpublished={http://safecurves.cr.yp.to},
    note={datum pristupa: 23. travnja 2015.}
}

@article{chen2008recommendation,
  title={Recommendation for key derivation using pseudorandom functions},
  author={Chen, Lily},
  journal={NIST Special Publication},
  volume={800},
  pages={108},
  year={2008}
}

@incollection{krawczyk2010cryptographic,
  title={Cryptographic extraction and key derivation: The HKDF scheme},
  author={Krawczyk, Hugo},
  booktitle={Advances in Cryptology--CRYPTO 2010},
  pages={631--648},
  year={2010},
  publisher={Springer}
}

@inproceedings{krawczyk1996skeme,
  title={SKEME: A versatile secure key exchange mechanism for internet},
  author={Krawczyk, Hugo},
  booktitle={Network and Distributed System Security, 1996., Proceedings of the Symposium on},
  pages={114--127},
  year={1996},
  organization={IEEE}
}

@incollection{lowe1996breaking,
  title={Breaking and fixing the Needham-Schroeder public-key protocol using FDR},
  author={Lowe, Gavin},
  booktitle={Tools and Algorithms for the Construction and Analysis of Systems},
  pages={147--166},
  year={1996},
  publisher={Springer}
}

@misc{gallagher2013fips,
  title={Fips pub 186-4: Digital signature standard, dss},
  author={Gallagher, P and Kerry, C},
  year={2013},
  publisher={NIST}
}

@inproceedings{salopek2014network,
  title={A network testbed for commercial telecommunications product testing},
  author={Salopek, Denis and Vasic, Valter and Zec, Marko and Mikuc, Miljenko and Vasarevic, Mladen and Koncar, Vladimir},
  booktitle={Software, Telecommunications and Computer Networks (SoftCOM), 2014 22nd International Conference on},
  pages={372--377},
  year={2014},
  organization={IEEE}
}

@book{daemen2013design,
  title={The design of Rijndael: AES-the advanced encryption standard},
  author={Daemen, Joan and Rijmen, Vincent},
  year={2013},
  publisher={Springer Science \& Business Media}
}

@article{wen2013unified,
  title={A Unified Security Model of Authenticated Key Exchange with Specific Adversarial Capabilities.},
  author={Wen, Weiqiang and Wang, Libin and Pan, Jiaxin},
  journal={IACR Cryptology ePrint Archive},
  volume={2013},
  pages={871},
  year={2013}
}

@article{zhang2015authenticated,
  title={Authenticated key exchange from ideal lattices},
  author={Zhang, Jiang and Zhang, Zhenfeng and Ding, Jintai and Snook, Michael and Dagdelen, {\"O}zg{\"u}r},
  journal={Advances in Cryptology-EUROCRYPT 2015},
  pages={719--751},
  year={2015},
  publisher={Springer Berlin Heidelberg}
}

@inproceedings{schmidt2012automated,
  title={Automated analysis of Diffie-Hellman protocols and advanced security properties},
  author={Schmidt, Benedikt and Meier, Sebastian and Cremers, Cas and Basin, David},
  booktitle={Computer Security Foundations Symposium (CSF), 2012 IEEE 25th},
  pages={78--94},
  year={2012},
  organization={IEEE}
}

@article{cremers2015beyond,
  title={Beyond eCK: perfect forward secrecy under actor compromise and ephemeral-key reveal},
  author={Cremers, Cas and Feltz, Michele},
  journal={Designs, Codes and Cryptography},
  volume={74},
  number={1},
  pages={183--218},
  year={2015},
  publisher={Springer US}
}

@inproceedings{cremers2011examining,
  title={Examining indistinguishability-based security models for key exchange protocols: the case of CK, CK-HMQV, and eCK},
  author={Cremers, Cas},
  booktitle={Proceedings of the 6th ACM Symposium on Information, Computer and Communications Security},
  pages={80--91},
  year={2011},
  organization={ACM}
}

@incollection{sarr2010secure,
  title={A secure and efficient authenticated diffie--hellman protocol},
  author={Sarr, Augustin P and Elbaz-Vincent, Philippe and Bajard, Jean-Claude},
  booktitle={Public Key Infrastructures, Services and Applications},
  pages={83--98},
  year={2010},
  publisher={Springer}
}

@article{zhao2015shmqv,
  title={sHMQV: An Efficient Key Exchange Protocol for Power-limited Devices},
  author={Zhao, Shijun and Zhang, Qianying},
  journal={Information Security Practice and Experience},
  pages={154--167},
  year={2015},
  publisher={Springer International Publishing}
}

@inproceedings{yao2013oake,
  title={OAKE: A new family of implicitly authenticated Diffie-Hellman protocols},
  author={Yao, Andrew Chi-Chih and Zhao, Yunlei},
  booktitle={Proceedings of the 2013 ACM SIGSAC conference on Computer \& communications security},
  pages={1113--1128},
  year={2013},
  organization={ACM}
}

@inproceedings{krawczyk2005hmqv,
  title={HMQV: A high-performance secure Diffie-Hellman protocol},
  author={Krawczyk, Hugo},
  booktitle={Advances in cryptology--CRYPTO 2005},
  pages={546--566},
  year={2005},
  organization={Springer Berlin Heidelberg}
}

@article{law2003efficient,
  title={An efficient protocol for authenticated key agreement},
  author={Law, Laurie and Menezes, Alfred and Qu, Minghua and Solinas, Jerry and Vanstone, Scott},
  journal={Designs, Codes and Cryptography},
  volume={28},
  number={2},
  pages={119--134},
  year={2003},
  publisher={Springer}
}

@inproceedings{liu2014security,
  title={Security Model and Analysis of FHMQV, Revisited},
  author={Liu, Shengli and Sakurai, Kouichi and Weng, Jian and Zhang, Fangguo and Zhao, Yunlei},
  booktitle={Information Security and Cryptology},
  pages={255--269},
  year={2014},
  organization={Springer}
}

@article{gruber2014concept,
  title={Concept and Design of a Transparent Security Layer to Enable Anonymous VoIP Calls},
  author={Gruber, Markus and Maier, Martin Karl and Schafferer, Michael and Schanes, Christian and Grechenig, Thomas},
  journal={Distributed Systems and Applications},
  pages={58},
  year={2014}
}

@inproceedings{barenghi2014snake,
  title={Snake: An End-to-End Encrypted Online Social Network},
  author={Barenghi, Alessandro and Beretta, Michele and Di Federico, Alessandro and Pelosi, Gerardo},
  booktitle={High Performance Computing and Communications, 2014 IEEE 6th Intl Symp on Cyberspace Safety and Security, 2014 IEEE 11th Intl Conf on Embedded Software and Syst (HPCC, CSS, ICESS), 2014 IEEE Intl Conf on},
  pages={763--770},
  year={2014},
  organization={IEEE}
}

@incollection{dagdelen2013cryptographic,
  title={A cryptographic analysis of OPACITY},
  author={Dagdelen, {\"O}zg{\"u}r and Fischlin, Marc and Gagliardoni, Tommaso and Marson, Giorgia Azzurra and Mittelbach, Arno and Onete, Cristina},
  booktitle={Computer Security--ESORICS 2013},
  pages={345--362},
  year={2013},
  publisher={Springer}
}

@article{vasic2016lightweight,
    title={Lightweight and adaptable solution for security agility},
    author={Vasi{\'c}, Valter and Mikuc, Miljenko and Vukovi{\'c}, Marin},
    journal={KSII Transactions on Internet \& Information Systems},
    volume={10},
    issue={3},
    year={2016},
    pages={1212--1228},
    url={http://dx.doi.org/10.3837/tiis.2016.03.015}
}
