@article{Soldatos:2014,
  author    = {John Soldatos and
               Nikos Kefalakis and
               Martin Serrano and
               Manfred Hauswirth},
  title     = {Design principles for utility-driven services and cloud-based computing
               modelling for the Internet of Things},
  journal   = {{IJWGS}},
  volume    = {10},
  number    = {2/3},
  pages     = {139--167},
  year      = {2014},
  url       = {http://dx.doi.org/10.1504/IJWGS.2014.060254},
  doi       = {10.1504/IJWGS.2014.060254},
  timestamp = {Mon, 02 Jun 2014 09:47:44 +0200},
  biburl    = {http://dblp.uni-trier.de/rec/bib/journals/ijwgs/SoldatosKSH14},
  bibsource = {dblp computer science bibliography, http://dblp.org}
}

@article{owasp201410,
    title={10 2014},
    author={OWASP, Top},
    journal={The Ten Most Critical Internet of Things Security Risks},
    url={https://www.owasp.org/index.php/OWASP_Internet_of_Things_Project#tab=Top_10_IoT_Vulnerabilities__282014_29},
    year={2014}
}

@article{perera2014context,
  title={Context aware computing for the internet of things: A survey},
  author={Perera, Charith and Zaslavsky, Arkady and Christen, Peter and Georgakopoulos, Dimitrios},
  journal={Communications Surveys \& Tutorials, IEEE},
  volume={16},
  number={1},
  pages={414--454},
  url={http://arxiv.org/pdf/1305.0982.pdf},
  year={2014},
  publisher={IEEE}
}

@article{yang2015security,
  title={Security and privacy in mobile crowdsourcing networks: challenges and opportunities},
  author={Yang, Kan and Zhang, Kuan and Ren, Ju and Shen, Xuemin},
  journal={Communications Magazine, IEEE},
  volume={53},
  number={8},
  pages={75--81},
  year={2015},
  publisher={IEEE}
}

@misc{cisco:whitepaper,
  title         = "The {Internet of Things: How the Next Evolution of the Internet Is Changing Everything}",
  author        = "D. Evans",
  howpublished  = "White Paper",
  organization  = "Cisco",
  month         = "April",
  year          = "2011"
}

@INPROCEEDINGS{BigDataSurvey, 
author={Sagiroglu, S. and Sinanc, D.}, 
booktitle={Collaboration Technologies and Systems (CTS), 2013 International Conference on}, 
title={Big data: A review}, 
year={2013}, 
pages={42-47}, 
}

@article{Armbrust:Cloud,
 author = {Armbrust, Michael and Fox, Armando and Griffith, Rean and Joseph, Anthony D. and Katz, Randy and Konwinski, Andy and Lee, Gunho and Patterson, David and Rabkin, Ariel and Stoica, Ion and Zaharia, Matei},
 title = {A view of cloud computing},
 journal = {Commun. ACM},
 issue_date = {April 2010},
 volume = {53},
 number = {4},
 month = apr,
 year = {2010},
 issn = {0001-0782},
 pages = {50--58},
 numpages = {9},
 acmid = {1721672},
 publisher = {ACM},
 address = {New York, NY, USA},
} 

@article{Antonic2015FGCS,
title = "A mobile crowd sensing ecosystem enabled by CUPUS: Cloud-based publish/subscribe middleware for the Internet of Things ",
journal = "Future Generation Computer Systems ",
volume = "",
number = "",
pages = " - ",
year = "2015",
note = "",
issn = "0167-739X",
doi = "http://dx.doi.org/10.1016/j.future.2015.08.005",
url = "http://www.sciencedirect.com/science/article/pii/S0167739X15002575",
author = "Aleksandar Antonić and Martina Marjanović and Krešimir Pripužić and Ivana Podnar Žarko",
}

@ARTICLE{Serrano2015VDK, 
author={Serrano, M. and Hoan Nguyen Mau Quoc and Danh Le Phuoc and Hauswirth, M. and Soldatos, J. and Kefalakis, N. and Jayaraman, P.P. and Zaslavsky, A.}, 
journal={Selected Areas in Communications, IEEE Journal on}, 
title={Defining the Stack for Service Delivery Models and Interoperability in the Internet of Things: A Practical Case With OpenIoT-VDK}, 
year={2015}, 
volume={33}, 
number={4}, 
pages={676-689}, 
keywords={Internet of Things;fault tolerant computing;open systems;Internet of Things;IoT instances;IoT service delivery models;IoT stack;OpenIoT local instantiation;OpenIoT-VDK;Virtual Development Kit;autonomic behavior;interoperability;service delivery models;Data models;Electronic publishing;Information services;Internet of Things;Interoperability;Middleware;Internet of Things;Sensor network;Stream query processing;cloud computing;stream query processing}, 
doi={10.1109/JSAC.2015.2393491}, 
ISSN={0733-8716}, 
month={April},}

@article{Christin:2011:Survey,
 author = {Christin, Delphine and Reinhardt, Andreas and Kanhere, Salil S. and Hollick, Matthias},
 title = {A Survey on Privacy in Mobile Participatory Sensing Applications},
 journal = {J. Syst. Softw.},
 issue_date = {November, 2011},
 volume = {84},
 number = {11},
 month = nov,
 year = {2011},
 issn = {0164-1212},
 pages = {1928--1946},
 numpages = {19},
 doi = {10.1016/j.jss.2011.06.073},
 acmid = {2031055},
 publisher = {Elsevier Science Inc.},
 address = {New York, NY, USA},
} 

@ARTICLE{Li:2015:Privacy, 
author={Qinghua Li and Guohong Cao}, 
journal={Communications Magazine, IEEE}, 
title={Privacy-preserving participatory sensing}, 
year={2015}, 
volume={53}, 
number={8}, 
pages={68-74}, 
keywords={data protection;mobile handsets;data protection privacy;incentive issue;mobile device proliferation;privacy-preserving participatory sensing;Encryption;Mobile handsets;Network security;Peer-to-peer computing;Privacy;Sensors}, 
doi={10.1109/MCOM.2015.7180510}, 
ISSN={0163-6804}, 
month={August},}

@INPROCEEDINGS{Zhao:2013:Survey, 
author={Kai Zhao and Lina Ge}, 
booktitle={Computational Intelligence and Security (CIS), 2013 9th International Conference on}, 
title={A Survey on the Internet of Things Security}, 
year={2013}, 
pages={663-667}, 
doi={10.1109/CIS.2013.145}, 
month={Dec},}

@article{zhang:2011:architecture,
  title={Security architecture on the trusting internet of things},
  author={Zhang, Bing and Ma, Xin-Xin and Qin, Zhi-Guang},
  journal={Journal of Electronic Science and Technology},
  volume={9},
  number={4},
  pages={364--367},
  year={2011}
}

@INPROCEEDINGS{Suo, 
author={Hui Suo and Jiafu Wan and Caifeng Zou and Jianqi Liu}, 
booktitle={Computer Science and Electronics Engineering (ICCSEE), 2012 International Conference on}, 
title={Security in the Internet of Things: A Review}, 
year={2012}, 
volume={3}, 
pages={648-651}, 
doi={10.1109/ICCSEE.2012.373}, 
month={March},}

@article{Roman:2013,
title = "On the features and challenges of security and privacy in distributed internet of things ",
journal = "Computer Networks ",
volume = "57",
number = "10",
pages = "2266 - 2279",
year = "2013",
note = "Towards a Science of Cyber SecuritySecurity and Identity Architecture for the Future Internet ",
issn = "1389-1286",
doi = "http://dx.doi.org/10.1016/j.comnet.2012.12.018",
author = "Rodrigo Roman and Jianying Zhou and Javier Lopez",
}

@article{Yan:2014:Trust,
title = "A survey on trust management for Internet of Things ",
journal = "Journal of Network and Computer Applications ",
volume = "42",
number = "",
pages = "120 - 134",
year = "2014",
note = "",
issn = "1084-8045",
doi = "http://dx.doi.org/10.1016/j.jnca.2014.01.014",
url = "http://www.sciencedirect.com/science/article/pii/S1084804514000575",
author = "Zheng Yan and Peng Zhang and Athanasios V. Vasilakos",
}

@ARTICLE{Yang:2015, 
author={Kan Yang and Kuan Zhang and Ju Ren and Xuemin Shen}, 
journal={Communications Magazine, IEEE}, 
title={Security and privacy in mobile crowdsourcing networks: challenges and opportunities}, 
year={2015}, 
volume={53}, 
number={8}, 
pages={75-81}, 
doi={10.1109/MCOM.2015.7180511}, 
ISSN={0163-6804}, 
month={August},}

@INPROCEEDINGS{Kapadia:2009:opportunistic, 
author={Kapadia, A. and Kotz, D. and Triandopoulos, N.}, 
booktitle={Communication Systems and Networks and Workshops, 2009. COMSNETS 2009. First International}, 
title={Opportunistic sensing: Security challenges for the new paradigm}, 
year={2009}, 
pages={1-10}, 
doi={10.1109/COMSNETS.2009.4808850}, 
month={Jan},}

@inproceedings{Kozlov:2012,
 author = {Kozlov, Denis and Veijalainen, Jari and Ali, Yasir},
 title = {Security and Privacy Threats in IoT Architectures},
 booktitle = {Proceedings of the 7th International Conference on Body Area Networks},
 series = {BodyNets '12},
 year = {2012},
 isbn = {978-1-936968-60-2},
 location = {Oslo, Norway},
 pages = {256--262},
 numpages = {7},
 publisher = {ICST (Institute for Computer Sciences, Social-Informatics and Telecommunications Engineering)},
 address = {ICST, Brussels, Belgium, Belgium},
} 

@article{Jing:2014,
year={2014},
issn={1022-0038},
journal={Wireless Networks},
volume={20},
number={8},
doi={10.1007/s11276-014-0761-7},
title={Security of the Internet of Things: perspectives and challenges},
url={http://dx.doi.org/10.1007/s11276-014-0761-7},
publisher={Springer US},
keywords={Internet of Things; Security; Heterogeneous; Wireless sensor networks; RFID sensor networks},
author={Jing, Qi and Vasilakos, AthanasiosV. and Wan, Jiafu and Lu, Jingwei and Qiu, Dechao},
pages={2481-2501},
language={English}
}

@article{Weber:2010,
title = "Internet of Things – New security and privacy challenges ",
journal = "Computer Law \& Security Review ",
volume = "26",
number = "1",
pages = "23 - 30",
year = "2010",
note = "",
issn = "0267-3649",
doi = "http://dx.doi.org/10.1016/j.clsr.2009.11.008",
url = "http://www.sciencedirect.com/science/article/pii/S0267364909001939",
author = "Rolf H. Weber",
}
